@book{zhn,
  title={栈和帧指针使用方法},
  author={greedyhao},
  url={https://blog.csdn.net/juhou/article/details/90611259},
  year={2019},
}
@article{m,
  title={C语言中声明和定义详解},
  author={CHENG Jian},
  url={https://blog.csdn.net/gatieme/article/details/50640424},
  year={2016},
}
@book{bl,
  title={C语言中的常量与变量},
  author={auto7691},
  url={https://blog.csdn.net/auto7691/article/details/81051127},
  year={2018},
}

@article{shin2016deep,
  title={Deep convolutional neural networks for computer-aided detection: CNN architectures, dataset characteristics and transfer learning},
  author={Shin, Hoo-Chang and Roth, Holger R and Gao, Mingchen and Lu, Le and Xu, Ziyue and Nogues, Isabella and Yao, Jianhua and Mollura, Daniel and Summers, Ronald M},
  journal={IEEE transactions on medical imaging},
  volume={35},
  number={5},
  pages={1285--1298},
  year={2016},
  publisher={IEEE}
}
栈和帧指针使用方法